@article{einstein,
    author =       "Albert Einstein",
    title =        "{Zur Elektrodynamik bewegter K{\"o}rper}. ({German})
    [{On} the electrodynamics of moving bodies]",
    journal =      "Annalen der Physik",
    volume =       "322",
    number =       "10",
    pages =        "891--921",
    year =         "1905",
    DOI =          "http://dx.doi.org/10.1002/andp.19053221004",
    keywords =     "physics"
}
 
@book{dirac,
    title={The Principles of Quantum Mechanics},
    author={Paul Adrien Maurice Dirac},
    isbn={9780198520115},
    series={International series of monographs on physics},
    year={1981},
    publisher={Clarendon Press},
    keywords = {physics}
}
 
@online{knuthwebsite,
    author    = "Donald Knuth",
    title     = "Knuth: Computers and Typesetting",
    url       = "http://www-cs-faculty.stanford.edu/~uno/abcde.html",
    keywords  = "latex,knuth"
}
 
@inbook{knuth-fa,
    author = "Donald E. Knuth",
    title = "Fundamental Algorithms",
    publisher = "Addison-Wesley",
    year = "1973",
    chapter = "1.2",
    keywords  = "knuth,programming"
}

@article{weiner,
    author =    "Peter Weiner",
    title =     {Linear pattern matching algorithms},
    journal =   "14th Symposium on Switching and Automata Theory (SWAT)",
    year =      "1973",
    keywords =  "Data structures;Pattern matching;Terminology",
    DOI =       "10.1109%2FSWAT.1973.13",
    ISSN =      "0272-4847"
}

@article{ukkonen,
author="Ukkonen, Esko",
title="On-line construction of suffix trees",
journal="Algorithmica",
year="1995",
volume="14",
number="3",
pages="249--260",
issn="1432-0541",
doi="10.1007/BF01206331"
}

@article{aho,
 author = {Aho, Alfred V. and Corasick, Margaret J.},
 title = {Efficient string matching: an aid to bibliographic search},
 journal = {Commun. ACM},
 issue_date = {June 1975},
 volume = {18},
 number = {6},
 month = jun,
 year = {1975},
 issn = {0001-0782},
 pages = {333--340},
 numpages = {8},
 doi = {10.1145/360825.360855},
 acmid = {360855},
 publisher = {ACM},
 address = {New York, NY, USA},
 keywords = {bibliographic search, computational complexity, finite state machines, information retrieval, keywords and phrases, string pattern matching, text-editing},
} 

@article{manacher,
 author = {Manacher, Glenn},
 title = {A new linear-time ``on-line'' algorithm for finding the smallest initial palindrome of a string},
 journal = {J. ACM},
 issue_date = {July 1975},
 volume = {22},
 number = {3},
 month = jul,
 year = {1975},
 issn = {0004-5411},
 pages = {346--351},
 numpages = {6},
 url = {http://doi.acm.org/10.1145/321892.321896},
 doi = {10.1145/321892.321896},
 acmid = {321896},
 publisher = {ACM},
 address = {New York, NY, USA},
} 

@book{gusfield,
  title={Algorithms on Strings, Trees and Sequences: Computer Science and Computational Biology},
  author={Gusfield, Dan},
  isbn={9780521585194},
  lccn={96046612},
  series={EBL-Schweitzer},
  %url={https://books.google.com.br/books?id=Ofw5w1yuD8kC},
  year={1997},
  publisher={Cambridge University Press}
}

@book{crochemore,
  title={Algorithms on Strings},
  author={Crochemore, M. and Hancart, C. and Lecroq, T.},
  isbn={9781139463850},
  year={2007},
  publisher={Cambridge University Press}
}

@book{cormen,
 author = {Cormen, Thomas H. and Leiserson, Charles E. and Rivest, Ronald L. and Stein, Clifford},
 title = {Introduction to Algorithms, Third Edition},
 year = {2009},
 isbn = {9780262033848},
 edition = {3rd},
 publisher = {The MIT Press},
} 